@inproceedings{spark-sql,
  title={Spark sql: Relational data processing in spark},
  author={Armbrust, Michael and Xin, Reynold S and Lian, Cheng and Huai, Yin and Liu, Davies and Bradley, Joseph K and Meng, Xiangrui and Kaftan, Tomer and Franklin, Michael J and Ghodsi, Ali and others},
  booktitle={Proceedings of the 2015 ACM SIGMOD International Conference on Management of Data},
  pages={1383--1394},
  year={2015},
  organization={ACM}
}
@inproceedings{open-cypher,
  title={Cypher: An evolving query language for property graphs},
  author={Francis, Nadime and Green, Alastair and Guagliardo, Paolo and Libkin, Leonid and Lindaaker, Tobias and Marsault, Victor and Plantikow, Stefan and Rydberg, Mats and Selmer, Petra and Taylor, Andr{\'e}s},
  booktitle={Proceedings of the 2018 International Conference on Management of Data},
  pages={1433--1445},
  year={2018},
  organization={ACM}
}
@inproceedings{gcore,
  title={G-CORE: A core for future graph query languages},
  author={Angles, Renzo and Arenas, Marcelo and Barcelo, Pablo and Boncz, Peter and Fletcher, George and Gutierrez, Claudio and Lindaaker, Tobias and Paradies, Marcus and Plantikow, Stefan and Sequeda, Juan and others},
  booktitle={Proceedings of the 2018 International Conference on Management of Data},
  pages={1421--1432},
  year={2018},
  organization={ACM}
}
@inproceedings{olddog,
  title={Join processing for graph patterns: An old dog with new tricks},
  author={Nguyen, Dung and Aref, Molham and Bravenboer, Martin and Kollias, George and Ngo, Hung Q and R{\'e}, Christopher and Rudra, Atri},
  booktitle={Proceedings of the GRADES'15},
  pages={2},
  year={2015},
  organization={ACM}
}
@article{leapfrog,
  title={Leapfrog triejoin: A simple, worst-case optimal join algorithm},
  author={Veldhuizen, Todd L},
  journal={arXiv preprint arXiv:1210.0481},
  year={2012}
}
@inproceedings{myria-detailed,
  title={From theory to practice: Efficient join query evaluation in a parallel database system},
  author={Chu, Shumo and Balazinska, Magdalena and Suciu, Dan},
  booktitle={Proceedings of the 2015 ACM SIGMOD International Conference on Management of Data},
  pages={63--78},
  year={2015},
  organization={ACM}
}
@mastersthesis{andreas,
  title={Evaluation of Worst-Case Optimal Join Algorithms},
  year={2017},
  school={Technische Universität München},
  author={Amler, Andreas}
}
@inproceedings{myria,
  title={Demonstration of the Myria big data management service},
  author={Halperin, Daniel and Teixeira de Almeida, Victor and Choo, Lee Lee and Chu, Shumo and Koutris, Paraschos and Moritz, Dominik and Ortiz, Jennifer and Ruamviboonsuk, Vaspol and Wang, Jingjing and Whitaker, Andrew and others},
  booktitle={Proceedings of the 2014 ACM SIGMOD international conference on Management of data},
  pages={881--884},
  year={2014},
  organization={ACM}
}
@inproceedings{graphx,
  title={GraphX: Graph Processing in a Distributed Dataflow Framework.},
  author={Gonzalez, Joseph E and Xin, Reynold S and Dave, Ankur and Crankshaw, Daniel and Franklin, Michael J and Stoica, Ion},
  booktitle={OSDI},
  volume={14},
  pages={599--613},
  year={2014}
}
@article{ammar2018distributed,
  title={Distributed evaluation of subgraph queries using worst-case optimal low-memory dataflows},
  author={Ammar, Khaled and McSherry, Frank and Salihoglu, Semih and Joglekar, Manas},
  journal={Proceedings of the VLDB Endowment},
  volume={11},
  number={6},
  pages={691--704},
  year={2018},
  publisher={VLDB Endowment}
}
@online{caps,
  author = {openCypher Project},
  title = {CAPS: Cypher for Apache Spark},
  year = 2016,
  url = {https://github.com/opencypher/cypher-for-apache-spark},
  urldate = {2019-02-18}
}
@inproceedings{ngo2012worst,
  title={Worst-case optimal join algorithms},
  author={Ngo, Hung Q and Porat, Ely and R{\'e}, Christopher and Rudra, Atri},
  booktitle={Proceedings of the 31st ACM SIGMOD-SIGACT-SIGAI symposium on Principles of Database Systems},
  pages={37--48},
  year={2012},
  organization={ACM}
}
@inproceedings{naiad,
  title={Naiad: a timely dataflow system},
  author={Murray, Derek G and McSherry, Frank and Isaacs, Rebecca and Isard, Michael and Barham, Paul and Abadi, Mart{\'\i}n},
  booktitle={Proceedings of the Twenty-Fourth ACM Symposium on Operating Systems Principles},
  pages={439--455},
  year={2013},
  organization={ACM}
}
@inproceedings{mapreduce,
  title	= {MapReduce: Simplified Data Processing on Large Clusters},
  author	= {Jeffrey Dean and Sanjay Ghemawat},
  year	= {2004},
  booktitle	= {OSDI'04: Sixth Symposium on Operating System Design and Implementation},
  pages	= {137--150},
  address	= {San Francisco, CA}
}
@inproceedings{rdd,
  title={Resilient distributed datasets: A fault-tolerant abstraction for in-memory cluster computing},
  author={Zaharia, Matei and Chowdhury, Mosharaf and Das, Tathagata and Dave, Ankur and Ma, Justin and McCauley, Murphy and Franklin, Michael J and Shenker, Scott and Stoica, Ion},
  booktitle={Proceedings of the 9th USENIX conference on Networked Systems Design and Implementation},
  pages={2--2},
  year={2012},
  organization={USENIX Association}
}

@article{spark,
  title={Spark: Cluster computing with working sets.},
  author={Zaharia, Matei and Chowdhury, Mosharaf and Franklin, Michael J and Shenker, Scott and Stoica, Ion},
  journal={HotCloud},
  volume={10},
  number={10-10},
  pages={95},
  year={2010}
}
@inproceedings{agm,
  title={Size bounds and query plans for relational joins},
  author={Atserias, Albert and Grohe, Martin and Marx, D{\'a}niel},
  booktitle={Foundations of Computer Science, 2008. FOCS'08. IEEE 49th Annual IEEE Symposium on},
  pages={739--748},
  year={2008},
  organization={IEEE}
}
@inproceedings{nprr,
  title={Worst-case optimal join algorithms},
  author={Ngo, Hung Q and Porat, Ely and R{\'e}, Christopher and Rudra, Atri},
  booktitle={Proceedings of the 31st ACM SIGMOD-SIGACT-SIGAI symposium on Principles of Database Systems},
  pages={37--48},
  year={2012},
  organization={ACM}
}
@online{neo4j,
  author = {Neo4j},
  title = {Neo4j},
  year = {2000},
  url = {https://neo4j.com/},
  urldate = {2019-02-18}
}
@online{janusgraph,
author = {},
title = {JanusGraph},
year = 2017,
url = {http://janusgraph.org/},
urldate = {2019-02-18}
}
@article{gupta2014real,
title={Real-time twitter recommendation: Online motif detection in large dynamic graphs},
author={Gupta, Pankaj and Satuluri, Venu and Grewal, Ajeet and Gurumurthy, Siva and Zhabiuk, Volodymyr and Li, Quannan and Lin, Jimmy},
journal={Proceedings of the VLDB Endowment},
volume={7},
number={13},
pages={1379--1380},
year={2014},
publisher={VLDB Endowment}
}
@inproceedings{pregel,
title={Pregel: a system for large-scale graph processing},
author={Malewicz, Grzegorz and Austern, Matthew H and Bik, Aart JC and Dehnert, James C and Horn, Ilan and Leiser, Naty and Czajkowski, Grzegorz},
booktitle={Proceedings of the 2010 ACM SIGMOD International Conference on Management of data},
pages={135--146},
year={2010},
organization={ACM}
}
@online{graphframe,
author = {Dave, Ankur and  Bradley, Joseph and Hunter, Tim and Meng, Xiangrui},
title = {GraphFrame},
year = 2016,
url = {https://databricks.com/blog/2016/03/03/introducing-graphframes.html},
urldate = {2019-02-18}
}
@online{myria-website,
author = {},
title = {Myria project website},
year = 2012,
url = {http://myria.cs.washington.edu/},
urldate = {2019-03-14}
}

@online{leapfrog-triejoin-schroeder,
author = {Schroeder dewitt, Christian},
title = {Leapfrog Triejoin implementation for `Database Systems and Implementation' at Oxford University},
year = 2012,
url = {https://github.com/schroeder-dewitt/leapfrog-triejoin},
urldate = {2019-03-14}
}

@online{snb,
author = {LDBC},
title = {LDBC SNB Documentation},
year = {2017},
url = {https://github.com/ldbc/ldbc_snb_docs},
urldate = {2019-04-10}
}


@article{skew-strikes-back,
title={Skew strikes back: New developments in the theory of join algorithms},
author={Ngo, Hung Q and R{\'e}, Christopher and Rudra, Atri},
journal={arXiv preprint arXiv:1310.3314},
year={2013}
}
@inproceedings{beame2013,
title={Communication steps for parallel query processing},
author={Beame, Paul and Koutris, Paraschos and Suciu, Dan},
booktitle={Proceedings of the 32nd ACM SIGMOD-SIGACT-SIGAI symposium on Principles of database systems},
pages={273--284},
year={2013},
organization={ACM}
}
@inproceedings{beame2014,
title={Skew in parallel query processing},
author={Beame, Paul and Koutris, Paraschos and Suciu, Dan},
booktitle={Proceedings of the 33rd ACM SIGMOD-SIGACT-SIGART symposium on Principles of database systems},
pages={212--223},
year={2014},
organization={ACM}
}
@inproceedings{beame2016,
title={Worst-case optimal algorithms for parallel query processing},
author={Koutris, Paraschos and Beame, Paul and Suciu, Dan},
booktitle={19th International Conference on Database Theory (ICDT 2016)},
year={2016},
organization={Schloss Dagstuhl-Leibniz-Zentrum fuer Informatik}
}

@misc{snapnets,
author       = {Jure Leskovec and Andrej Krevl},
title        = {{SNAP Datasets}: {Stanford} Large Network Dataset Collection},
howpublished = {\url{http://snap.stanford.edu/data}},
month        = jun,
year         = 2014
}



@article{hypercube,
title={Optimizing multiway joins in a map-reduce environment},
author={Afrati, Foto N and Ullman, Jeffrey D},
journal={IEEE Transactions on Knowledge and Data Engineering},
volume={23},
number={9},
pages={1282--1298},
year={2011},
publisher={IEEE}
}

@article{sharesskew,
title={Sharesskew: An algorithm to handle skew for joins in mapreduce},
author={Afrati, Foto N and Stasinopoulos, Nikos and Ullman, Jeffrey D and Vassilakopoulos, Angelos},
journal={Information Systems},
volume={77},
pages={129--150},
year={2018},
publisher={Elsevier}
}

@techreport{ppp-fuchs-2019,
title={Solving Rubik’s Cubes by iterative deepening search},
author={Fuchs, Per},
year={2019},
institution={Vrije Universiteit Amsterdam}
}

@misc{lectureNotesPLPS,
author        = {Henri Bal},
title         = {Lecture notes in Programming Large Scale Parallel Systems},
month         = {09},
year          = {2018},
publisher={Vrije Universiteit Amsterdam}
}

@article{haloop,
title={HaLoop: efficient iterative data processing on large clusters},
author={Bu, Yingyi and Howe, Bill and Balazinska, Magdalena and Ernst, Michael D},
journal={Proceedings of the VLDB Endowment},
volume={3},
number={1-2},
pages={285--296},
year={2010},
publisher={VLDB Endowment}
}

@inproceedings{cost,
title={Scalability! But at what $\{$COST$\}$?},
author={McSherry, Frank and Isard, Michael and Murray, Derek G},
booktitle={15th Workshop on Hot Topics in Operating Systems (HotOS $\{$XV$\}$)},
year={2015}
}

@article{snap,
title={Snap: A general-purpose network analysis and graph-mining library},
author={Leskovec, Jure and Sosi{\v{c}}, Rok},
journal={ACM Transactions on Intelligent Systems and Technology (TIST)},
volume={8},
number={1},
pages={1},
year={2016},
publisher={ACM}
}
@article{salihoglu2018,
title={Response to “Scale Up or Scale Out for Graph Processing”},
author={Salihoglu, Semih and {\"O}zsu, M Tamer},
journal={IEEE Internet Computing},
volume={22},
number={5},
pages={18--24},
year={2018},
publisher={IEEE}
}






